@article{James2007EffectiveHT,
  title={Effective Hamiltonian theory and its applications in quantum information},
  author={Daniel F. V. James and Jonathan Jerke},
  journal={Canadian Journal of Physics},
  year={2007},
  volume={85},
  pages={625-632}
}
@online{355327986,
title = {原子物理笔记（2）：拉比振荡与AC Stark Shift【图像】},
url = {https://zhuanlan.zhihu.com/p/355327986},
}
@book{zzmqo,
author = {张智明},
title = {量子光学},
date = {2015},
publisher = {科学出版社}
}
@book{ctqm,
author = {陈童},
title = {量子力学新讲},
url = {http://newquanta.com/}
}
@article{PhysRevA.105.032417,
  title = {Coherent ground-state transport of neutral atoms},
  author = {Li, X. X. and You, J. B. and Shao, X. Q. and Li, Weibin},
  journal = {Physical Review A},
  volume = {105},
  issue = {3},
  pages = {032417},
  numpages = {19},
  year = {2022},
  month = {Mar},
  publisher = {American Physical Society},
  doi = {10.1103/PhysRevA.105.032417},
  url = {https://link.aps.org/doi/10.1103/PhysRevA.105.032417}
}
@online{370513302,
title = {Schrodinger绘景、Heisenberg绘景和相互作用绘景},
url = {https://zhuanlan.zhihu.com/p/370513302},
}
@article{1999Simulating,
  title={Simulating physics with computers},
  author={ Feynman, R. P. },
  journal={International Journal of Theoretical Physics},
  number={21},
  year={1982},
}
